<collection xmlns="http://www.loc.gov/MARC21/slim">
<record>
  <leader>02738nam0a2200481 i 450 </leader>
  <controlfield tag="001">IT\ICCU\CNCE\052448</controlfield>
  <controlfield tag="005">20140410000000.0</controlfield>
  <datafield tag="012" ind1=" " ind2=" ">
    <subfield code="a">i.s: e.ca lis&amp; tutu (3) 1518 (R)</subfield>
    <subfield code="2">fei</subfield>
  </datafield>
  <datafield tag="100" ind1=" " ind2=" ">
    <subfield code="a">20011026d1518        0itac0103    ba</subfield>
  </datafield>
  <datafield tag="101" ind1=" " ind2=" ">
    <subfield code="a">LAT</subfield>
  </datafield>
  <datafield tag="102" ind1=" " ind2=" ">
    <subfield code="a">IT</subfield>
  </datafield>
  <datafield tag="200" ind1="1" ind2=" ">
    <subfield code="a">Index eorum que in hoc volumine continentur. Grecorum sapientum volumina quedam aureis sententijs refertissima apud raros vulgata. Pythagore philosophi aurea verba. Socratis philosophi symbola. Pseusippi Platonici Liber de omnium rerum diffinitionibus. Xenocratis Platonici liber de morte. Aristotelis philosophorum eminentissimi secretum secretorum ... Francisci Taegij ... oratio de excellentia, dignitate, ac pergrandi naturalis philosophie vtilitate</subfield>
  </datafield>
  <datafield tag="210" ind1=" " ind2=" ">
    <subfield code="e">In alma et inclyta ciuitate Papie</subfield>
    <subfield code="g">Iacob Pulchridrapensis de Burgofrancho ... imprimi curabat</subfield>
    <subfield code="h">1518 iiii Idus Martij</subfield>
  </datafield>
  <datafield tag="215" ind1=" " ind2=" ">
    <subfield code="a">XXX c.</subfield>
    <subfield code="d">fol</subfield>
  </datafield>
  <datafield tag="10" ind1="I" ind2="T">
    <subfield code="I">CCU\CNCE\062553</subfield>
    <subfield code="1">2001 </subfield>
    <subfield code="a">Grecorum sapientum volumina quedam aureis sententijs refertissima apud raros vulgata</subfield>
  </datafield>
  <datafield tag="620" ind1=" " ind2=" ">
    <subfield code="a">IT</subfield>
    <subfield code="d">Pavia</subfield>
  </datafield>
  <datafield tag="702" ind1=" " ind2="0">
    <subfield code="a">Aristoteles</subfield>
    <subfield code="3">IT\ICCU\CNCA\000006</subfield>
  </datafield>
  <datafield tag="702" ind1=" " ind2="0">
    <subfield code="a">Pythagoras</subfield>
    <subfield code="3">IT\ICCU\CNCA\001106</subfield>
  </datafield>
  <datafield tag="702" ind1=" " ind2="0">
    <subfield code="a">Socrates</subfield>
    <subfield code="3">IT\ICCU\CNCA\005712</subfield>
  </datafield>
  <datafield tag="702" ind1=" " ind2="0">
    <subfield code="a">Speusippus</subfield>
    <subfield code="3">IT\ICCU\CNCA\005713</subfield>
  </datafield>
  <datafield tag="702" ind1=" " ind2="0">
    <subfield code="a">Xenocrates</subfield>
    <subfield code="3">IT\ICCU\CNCA\005714</subfield>
  </datafield>
  <datafield tag="702" ind1=" " ind2="1">
    <subfield code="a">Taegio,</subfield>
    <subfield code="b">Francesco</subfield>
    <subfield code="3">IT\ICCU\CNCA\005715</subfield>
  </datafield>
  <datafield tag="712" ind1="0" ind2="0">
    <subfield code="a">Pocatela, Giacomo</subfield>
    <subfield code="3">IT\ICCU\CNCT\000347</subfield>
    <subfield code="4">650</subfield>
  </datafield>
  <datafield tag="790" ind1=" " ind2="0">
    <subfield code="a">Aristotele</subfield>
    <subfield code="3">IT\ICCU\CNCA\018928</subfield>
    <subfield code="z">Aristoteles</subfield>
  </datafield>
  <datafield tag="790" ind1=" " ind2="0">
    <subfield code="a">Pitagora</subfield>
    <subfield code="3">IT\ICCU\CNCA\014864</subfield>
    <subfield code="z">Pythagoras</subfield>
  </datafield>
  <datafield tag="790" ind1=" " ind2="0">
    <subfield code="a">Pythagoras</subfield>
    <subfield code="c"> : Samius</subfield>
    <subfield code="3">IT\ICCU\CNCA\023705</subfield>
    <subfield code="z">Pythagoras</subfield>
  </datafield>
  <datafield tag="790" ind1=" " ind2="0">
    <subfield code="a">Socrates</subfield>
    <subfield code="c"> : Atheniensis</subfield>
    <subfield code="3">IT\ICCU\CNCA\024084</subfield>
    <subfield code="z">Socrates</subfield>
  </datafield>
  <datafield tag="790" ind1=" " ind2="0">
    <subfield code="a">Sokrates</subfield>
    <subfield code="3">IT\ICCU\CNCA\024085</subfield>
    <subfield code="z">Socrates</subfield>
  </datafield>
  <datafield tag="790" ind1=" " ind2="0">
    <subfield code="a">Pseusippus</subfield>
    <subfield code="3">IT\ICCU\CNCA\006279</subfield>
    <subfield code="z">Speusippus</subfield>
  </datafield>
  <datafield tag="790" ind1=" " ind2="0">
    <subfield code="a">Speusippo</subfield>
    <subfield code="3">IT\ICCU\CNCA\024405</subfield>
    <subfield code="z">Speusippus</subfield>
  </datafield>
  <datafield tag="790" ind1=" " ind2="0">
    <subfield code="a">Speusippus</subfield>
    <subfield code="c"> : Atheniensis</subfield>
    <subfield code="3">IT\ICCU\CNCA\024406</subfield>
    <subfield code="z">Speusippus</subfield>
  </datafield>
  <datafield tag="790" ind1=" " ind2="0">
    <subfield code="a">Xenocrates</subfield>
    <subfield code="c"> : Chalcedonius</subfield>
    <subfield code="3">IT\ICCU\CNCA\025264</subfield>
    <subfield code="z">Xenocrates</subfield>
  </datafield>
  <datafield tag="790" ind1=" " ind2="0">
    <subfield code="a">Senocrate</subfield>
    <subfield code="3">IT\ICCU\CNCA\027172</subfield>
    <subfield code="z">Xenocrates</subfield>
  </datafield>
  <datafield tag="790" ind1=" " ind2="1">
    <subfield code="a">Taegius,</subfield>
    <subfield code="b">Franciscus</subfield>
    <subfield code="3">IT\ICCU\CNCA\014961</subfield>
    <subfield code="z">Taegio, Francesco</subfield>
  </datafield>
  <datafield tag="790" ind1=" " ind2="1">
    <subfield code="a">Tegio,</subfield>
    <subfield code="b">Francesco</subfield>
    <subfield code="3">IT\ICCU\CNCA\014962</subfield>
    <subfield code="z">Taegio, Francesco</subfield>
  </datafield>
  <datafield tag="790" ind1=" " ind2="1">
    <subfield code="a">Taeggio,</subfield>
    <subfield code="b">Francesco</subfield>
    <subfield code="3">IT\ICCU\CNCA\024539</subfield>
    <subfield code="z">Taegio, Francesco</subfield>
  </datafield>
  <datafield tag="791" ind1="0" ind2="0">
    <subfield code="a">Burgofrancho, Iacob de</subfield>
    <subfield code="3">IT\ICCU\CNCT\002277</subfield>
    <subfield code="z">Pocatela, Giacomo</subfield>
  </datafield>
  <datafield tag="791" ind1="0" ind2="0">
    <subfield code="a">Paucisdrapis, Iacob de</subfield>
    <subfield code="3">IT\ICCU\CNCT\002278</subfield>
    <subfield code="z">Pocatela, Giacomo</subfield>
  </datafield>
  <datafield tag="791" ind1="0" ind2="0">
    <subfield code="a">Pulchridrapensis, Iacob</subfield>
    <subfield code="3">IT\ICCU\CNCT\002279</subfield>
    <subfield code="z">Pocatela, Giacomo</subfield>
  </datafield>
  <datafield tag="791" ind1="0" ind2="0">
    <subfield code="a">Paucidrapensis, Iacob</subfield>
    <subfield code="3">IT\ICCU\CNCT\005452</subfield>
    <subfield code="z">Pocatela, Giacomo</subfield>
  </datafield>
  <datafield tag="791" ind1="0" ind2="0">
    <subfield code="a">Paucisdrapius, Iacob</subfield>
    <subfield code="3">IT\ICCU\CNCT\005454</subfield>
    <subfield code="z">Pocatela, Giacomo</subfield>
  </datafield>
  <datafield tag="801" ind1=" " ind2="3">
    <subfield code="a">IT</subfield>
    <subfield code="b">ICCU</subfield>
    <subfield code="c">20201115</subfield>
  </datafield>
  <datafield tag="899" ind1=" " ind2=" ">
    <subfield code="a">Biblioteca universitaria. Pavia</subfield>
    <subfield code="1">PV0291</subfield>
    <subfield code="2">MIL UP</subfield>
  </datafield>
</record>
</collection>
